@article{knuth84,
  author = {Knuth, Donald E.},
  title = {Literate Programming},
  year = {1984},
  issue_date = {May 1984},
  publisher = {Oxford University Press, Inc.},
  address = {USA},
  volume = {27},
  number = {2},
  issn = {0010-4620},
  url = {https://doi.org/10.1093/comjnl/27.2.97},
  doi = {10.1093/comjnl/27.2.97},
  journal = {Comput. J.},
  month = may,
  pages = {97â€“111},
  numpages = {15}
}

@book{wickham2023ggplot2,
  title     = {ggplot2: Elegant Graphics for Data Analysis},
  author    = {Hadley Wickham and Danielle Navarro and Thomas Lin Pedersen},
  year      = {2023},
  url       = {https://ggplot2-book.org}
}

@misc{wikipedia-random-variate,
  author       = {{Wikipedia contributors}},
  title        = {Random variate --- Wikipedia{,} The Free Encyclopedia},
  year         = 2025,
  url          = {https://en.wikipedia.org/wiki/Random_variate},
  note         = {Accessed: 2025-07-08},
  howpublished = {\url{https://en.wikipedia.org/wiki/Random_variate}}
}